@ARTICLE{Angus:2007em,
   author = {{Angus}, G.~W. and {McGaugh}, S.~S.},
    title = "{The collision velocity of the bullet cluster in conventional and modified dynamics}",
  journal = {\mnras},
archivePrefix = "arXiv",
   eprint = {0704.0381},
 keywords = {gravitation , galaxies: clusters: individual: 1E 0657-56 , dark matter},
     year = 2008,
    month = jan,
   volume = 383,
    pages = {417-423},
      doi = {10.1111/j.1365-2966.2007.12403.x},
   adsurl = {http://adsabs.harvard.edu/abs/2008MNRAS.383..417A},
  adsnote = {Provided by the SAO/NASA Astrophysics Data System}
}

@ARTICLE{Barrena:2002dj,
   author = {{Barrena}, R. and {Biviano}, A. and {Ramella}, M. and {Falco}, E.~E. and 
	{Seitz}, S.},
    title = "{The dynamical status of the cluster of galaxies 1E0657-56}",
  journal = {\aap},
   eprint = {arXiv:astro-ph/0202323},
 keywords = {galaxies: clusters: individual: 1E0657-56, galaxies: clusters: general, galaxies: distances and redshifts},
     year = 2002,
    month = may,
   volume = 386,
    pages = {816-828},
      doi = {10.1051/0004-6361:20020244},
   adsurl = {http://adsabs.harvard.edu/abs/2002A%26A...386..816B},
  adsnote = {Provided by the SAO/NASA Astrophysics Data System}
}

@ARTICLE{Barrena:2009to,
   author = {{Barrena}, R. and {Girardi}, M. and {Boschin}, W. and {Das{\'{\i}}}, M.
	},
    title = "{Internal dynamics of Abell 1240: a galaxy cluster with symmetric double radio relics}",
  journal = {\aap},
archivePrefix = "arXiv",
   eprint = {0905.3011},
 primaryClass = "astro-ph.CO",
 keywords = {galaxies: clusters: individual: Abell 1240, galaxies: clusters: individual: Abell 1237, galaxies: clusters: general, galaxies: distances and redshifts},
     year = 2009,
    month = aug,
   volume = 503,
    pages = {357-371},
      doi = {10.1051/0004-6361/200911788},
   adsurl = {http://adsabs.harvard.edu/abs/2009A%26A...503..357B},
  adsnote = {Provided by the SAO/NASA Astrophysics Data System}
}

@ARTICLE{Beers:1982dp,
   author = {{Beers}, T.~C. and {Geller}, M.~J. and {Huchra}, J.~P.},
    title = "{Galaxy clusters with multiple components. I - The dynamics of Abell 98}",
  journal = {\apj},
 keywords = {DYNAMIC MODELS, GALACTIC CLUSTERS, GALACTIC EVOLUTION, RED SHIFT, VELOCITY DISTRIBUTION, ASTRONOMICAL MODELS, ASTRONOMICAL SPECTROSCOPY, COSMOLOGY, LINE OF SIGHT, STAR DISTRIBUTION, TWO BODY PROBLEM, VIRIAL THEOREM, X RAY SOURCES},
     year = 1982,
    month = jun,
   volume = 257,
    pages = {23-32},
      doi = {10.1086/159958},
   adsurl = {http://adsabs.harvard.edu/abs/1982ApJ...257...23B},
  adsnote = {Provided by the SAO/NASA Astrophysics Data System}
}

@ARTICLE{Beers:1990kg,
   author = {{Beers}, T.~C. and {Flynn}, K. and {Gebhardt}, K.},
    title = "{Measures of location and scale for velocities in clusters of galaxies - A robust approach}",
  journal = {\aj},
 keywords = {GALACTIC CLUSTERS, POSITION (LOCATION), RADIAL VELOCITY, ROBUSTNESS (MATHEMATICS), ASTRONOMICAL COORDINATES, NORMAL DENSITY FUNCTIONS, VELOCITY DISTRIBUTION},
     year = 1990,
    month = jul,
   volume = 100,
    pages = {32-46},
      doi = {10.1086/115487},
   adsurl = {http://adsabs.harvard.edu/abs/1990AJ....100...32B},
  adsnote = {Provided by the SAO/NASA Astrophysics Data System}
}

@ARTICLE{Boschin:2012he,
   author = {{Boschin}, W. and {Girardi}, M. and {Barrena}, R. and {Nonino}, M.
	},
    title = "{Abell 1758N from an optical point of view: new insights on a merging cluster with diffuse radio emission}",
  journal = {\aap},
archivePrefix = "arXiv",
   eprint = {1203.1473},
 primaryClass = "astro-ph.CO",
 keywords = {galaxies: clusters: individual: Abell 1758N, galaxies: clusters: general, galaxies: kinematics and dynamics},
     year = 2012,
    month = apr,
   volume = 540,
      eid = {A43},
    pages = {A43},
      doi = {10.1051/0004-6361/201118076},
   adsurl = {http://adsabs.harvard.edu/abs/2012A%26A...540A..43B},
  adsnote = {Provided by the SAO/NASA Astrophysics Data System}
}

@ARTICLE{Bourdin:2011gr,
   author = {{Bourdin}, H. and {Arnaud}, M. and {Mazzotta}, P. and {Pratt}, G.~W. and 
	{Sauvageot}, J.-L. and {Martino}, R. and {Maurogordato}, S. and 
	{Cappi}, A. and {Ferrari}, C. and {Benoist}, C.},
    title = "{A2163: Merger events in the hottest Abell galaxy cluster. II. Subcluster accretion with galaxy-gas separation}",
  journal = {\aap},
archivePrefix = "arXiv",
   eprint = {1011.3154},
 primaryClass = "astro-ph.CO",
 keywords = {galaxies: clusters: general, intergalactic medium, X-rays: galaxies: clusters},
     year = 2011,
    month = mar,
   volume = 527,
      eid = {A21},
    pages = {A21},
      doi = {10.1051/0004-6361/201014907},
   adsurl = {http://adsabs.harvard.edu/abs/2011A%26A...527A..21B},
  adsnote = {Provided by the SAO/NASA Astrophysics Data System}
}

@ARTICLE{Bradac:2006be,
   author = {{Brada{\v c}}, M. and {Clowe}, D. and {Gonzalez}, A.~H. and 
	{Marshall}, P. and {Forman}, W. and {Jones}, C. and {Markevitch}, M. and 
	{Randall}, S. and {Schrabback}, T. and {Zaritsky}, D.},
    title = "{Strong and Weak Lensing United. III. Measuring the Mass Distribution of the Merging Galaxy Cluster 1ES 0657-558}",
  journal = {\apj},
   eprint = {arXiv:astro-ph/0608408},
 keywords = {Cosmology: Dark Matter, Galaxies: Clusters: General, galaxies: clusters: individual (1ES 0657-558), Cosmology: Gravitational Lensing},
     year = 2006,
    month = dec,
   volume = 652,
    pages = {937-947},
      doi = {10.1086/508601},
   adsurl = {http://adsabs.harvard.edu/abs/2006ApJ...652..937B},
  adsnote = {Provided by the SAO/NASA Astrophysics Data System}
}

@ARTICLE{Bradac:2008gw,
   author = {{Brada{\v c}}, M. and {Allen}, S.~W. and {Treu}, T. and {Ebeling}, H. and 
	{Massey}, R. and {Morris}, R.~G. and {von der Linden}, A. and 
	{Applegate}, D.},
    title = "{Revealing the Properties of Dark Matter in the Merging Cluster MACS J0025.4-1222}",
  journal = {\apj},
archivePrefix = "arXiv",
   eprint = {0806.2320},
 keywords = {Cosmology: Dark Matter, galaxies: clusters: individual (MACS J0025.4-1222), Cosmology: Gravitational Lensing},
     year = 2008,
    month = nov,
   volume = 687,
    pages = {959-967},
      doi = {10.1086/591246},
   adsurl = {http://adsabs.harvard.edu/abs/2008ApJ...687..959B},
  adsnote = {Provided by the SAO/NASA Astrophysics Data System}
}

@ARTICLE{Bullock:2001kb,
   author = {{Bullock}, J.~S. and {Dekel}, A. and {Kolatt}, T.~S. and {Kravtsov}, A.~V. and 
	{Klypin}, A.~A. and {Porciani}, C. and {Primack}, J.~R.},
    title = "{A Universal Angular Momentum Profile for Galactic Halos}",
  journal = {\apj},
   eprint = {arXiv:astro-ph/0011001},
 keywords = {Cosmology: Dark Matter, Galaxies: Formation, Galaxies: Halos, Galaxies: Structure},
     year = 2001,
    month = jul,
   volume = 555,
    pages = {240-257},
      doi = {10.1086/321477},
   adsurl = {http://adsabs.harvard.edu/abs/2001ApJ...555..240B},
  adsnote = {Provided by the SAO/NASA Astrophysics Data System}
}

@ARTICLE{Busha:2011jp,
   author = {{Busha}, M.~T. and {Marshall}, P.~J. and {Wechsler}, R.~H. and 
	{Klypin}, A. and {Primack}, J.},
    title = "{The Mass Distribution and Assembly of the Milky Way from the Properties of the Magellanic Clouds}",
  journal = {\apj},
archivePrefix = "arXiv",
   eprint = {1011.2203},
 primaryClass = "astro-ph.GA",
 keywords = {dark matter, Galaxy: formation, Galaxy: fundamental parameters, Galaxy: halo, galaxies: dwarf, galaxies: evolution, Magellanic Clouds},
     year = 2011,
    month = dec,
   volume = 743,
      eid = {40},
    pages = {40},
      doi = {10.1088/0004-637X/743/1/40},
   adsurl = {http://adsabs.harvard.edu/abs/2011ApJ...743...40B},
  adsnote = {Provided by the SAO/NASA Astrophysics Data System}
}

@ARTICLE{Chung:2009bz,
   author = {{Chung}, S.~M. and {Gonzalez}, A.~H. and {Clowe}, D. and {Zaritsky}, D. and 
	{Markevitch}, M. and {Jones}, C.},
    title = "{Impacts of a Supersonic Shock Front on Star Formation in the Bullet Cluster}",
  journal = {\apj},
archivePrefix = "arXiv",
   eprint = {0810.1052},
 keywords = {galaxies: clusters: individual: 1E0657-56 The Bullet Cluster, galaxies: evolution},
     year = 2009,
    month = feb,
   volume = 691,
    pages = {963-970},
      doi = {10.1088/0004-637X/691/2/963},
   adsurl = {http://adsabs.harvard.edu/abs/2009ApJ...691..963C},
  adsnote = {Provided by the SAO/NASA Astrophysics Data System}
}

@ARTICLE{Chung:2010ds,
   author = {{Chung}, S.~M. and {Gonzalez}, A.~H. and {Clowe}, D. and {Markevitch}, M. and 
	{Zaritsky}, D.},
    title = "{Star Formation in the Bullet Cluster. I. The Infrared Luminosity Function and Star Formation Rate}",
  journal = {\apj},
archivePrefix = "arXiv",
   eprint = {1005.3847},
 primaryClass = "astro-ph.CO",
 keywords = {galaxies: clusters: individual: 1E0657-56 The Bullet Cluster, galaxies: evolution, galaxies: luminosity function, mass function, infrared: galaxies},
     year = 2010,
    month = dec,
   volume = 725,
    pages = {1536-1549},
      doi = {10.1088/0004-637X/725/2/1536},
   adsurl = {http://adsabs.harvard.edu/abs/2010ApJ...725.1536C},
  adsnote = {Provided by the SAO/NASA Astrophysics Data System}
}

@ARTICLE{Clowe:2004eq,
   author = {{Clowe}, D. and {Gonzalez}, A. and {Markevitch}, M.},
    title = "{Weak-Lensing Mass Reconstruction of the Interacting Cluster 1E 0657-558: Direct Evidence for the Existence of Dark Matter}",
  journal = {\apj},
   eprint = {arXiv:astro-ph/0312273},
 keywords = {Cosmology: Dark Matter, Galaxies: Clusters: Individual: Alphanumeric: 1E 0657-556, Cosmology: Gravitational Lensing},
     year = 2004,
    month = apr,
   volume = 604,
    pages = {596-603},
      doi = {10.1086/381970},
   adsurl = {http://adsabs.harvard.edu/abs/2004ApJ...604..596C},
  adsnote = {Provided by the SAO/NASA Astrophysics Data System}
}

@ARTICLE{Colin:2002ku,
   author = {{Col{\'{\i}}n}, P. and {Avila-Reese}, V. and {Valenzuela}, O. and 
	{Firmani}, C.},
    title = "{Structure and Subhalo Population of Halos in a Self-interacting Dark Matter Cosmology}",
  journal = {\apj},
   eprint = {arXiv:astro-ph/0205322},
 keywords = {Cosmology: Theory, Cosmology: Dark Matter, Galaxies: Formation, Galaxies: Halos, Methods: n-Body Simulations},
     year = 2002,
    month = dec,
   volume = 581,
    pages = {777-793},
      doi = {10.1086/344259},
   adsurl = {http://adsabs.harvard.edu/abs/2002ApJ...581..777C},
  adsnote = {Provided by the SAO/NASA Astrophysics Data System}
}

@ARTICLE{Dave:2001hh,
   author = {{Dav{\'e}}, R. and {Spergel}, D.~N. and {Steinhardt}, P.~J. and 
	{Wandelt}, B.~D.},
    title = "{Halo Properties in Cosmological Simulations of Self-interacting Cold Dark Matter}",
  journal = {\apj},
   eprint = {arXiv:astro-ph/0006218},
 keywords = {Cosmology: Theory, Cosmology: Dark Matter, Galaxies: Formation, Galaxies: Halos, Methods: n-Body Simulations},
     year = 2001,
    month = feb,
   volume = 547,
    pages = {574-589},
      doi = {10.1086/318417},
   adsurl = {http://adsabs.harvard.edu/abs/2001ApJ...547..574D},
  adsnote = {Provided by the SAO/NASA Astrophysics Data System}
}

@ARTICLE{Dawson:2012dl,
   author = {{Dawson}, W.~A. and {Wittman}, D. and {Jee}, M.~J. and {Gee}, P. and 
	{Hughes}, J.~P. and {Tyson}, J.~A. and {Schmidt}, S. and {Thorman}, P. and 
	{Brada{\v c}}, M. and {Miyazaki}, S. and {Lemaux}, B. and {Utsumi}, Y. and 
	{Margoniner}, V.~E.},
    title = "{Discovery of a Dissociative Galaxy Cluster Merger with Large Physical Separation}",
  journal = {\apjl},
archivePrefix = "arXiv",
   eprint = {1110.4391},
 primaryClass = "astro-ph.CO",
 keywords = {cosmic background radiation, dark matter, galaxies: clusters: individual: DLSCL J0916.2+2951, gravitational lensing: weak, X-rays: galaxies: clusters},
     year = 2012,
    month = mar,
   volume = 747,
      eid = {L42},
    pages = {L42},
      doi = {10.1088/2041-8205/747/2/L42},
   adsurl = {http://adsabs.harvard.edu/abs/2012ApJ...747L..42D},
  adsnote = {Provided by the SAO/NASA Astrophysics Data System}
}

@ARTICLE{Duffy:2008jy,
   author = {{Duffy}, A.~R. and {Schaye}, J. and {Kay}, S.~T. and {Dalla Vecchia}, C.
	},
    title = "{Dark matter halo concentrations in the Wilkinson Microwave Anisotropy Probe year 5 cosmology}",
  journal = {\mnras},
archivePrefix = "arXiv",
   eprint = {0804.2486},
 keywords = {methods: N-body simulations, galaxies: clusters: general, galaxies: haloes, cosmological parameters, cosmology: theory, dark matter},
     year = 2008,
    month = oct,
   volume = 390,
    pages = {L64-L68},
      doi = {10.1111/j.1745-3933.2008.00537.x},
   adsurl = {http://adsabs.harvard.edu/abs/2008MNRAS.390L..64D},
  adsnote = {Provided by the SAO/NASA Astrophysics Data System}
}

@ARTICLE{Ensslin:1998tx,
   author = {{Ensslin}, T.~A. and {Biermann}, P.~L. and {Klein}, U. and {Kohle}, S.
	},
    title = "{Cluster radio relics as a tracer of shock waves of the large-scale structure formation}",
  journal = {\aap},
   eprint = {arXiv:astro-ph/9712293},
 keywords = {GALAXIES: CLUSTERS: GENERAL, SHOCK WAVES, COSMOLOGY: LARGE-SCALE STRUCTURE OF THE UNIVERSE, ACCRETION, ACCELERATION OF PARTICLES, POLARIZATION, RADIO CONTINUUM: GALAXIES},
     year = 1998,
    month = apr,
   volume = 332,
    pages = {395-409},
   adsurl = {http://adsabs.harvard.edu/abs/1998A%26A...332..395E},
  adsnote = {Provided by the SAO/NASA Astrophysics Data System}
}

@ARTICLE{Farrar:2007fc,
   author = {{Farrar}, G.~R. and {Rosen}, R.~A.},
    title = "{A New Force in the Dark Sector?}",
  journal = {Physical Review Letters},
   eprint = {arXiv:astro-ph/0610298},
 keywords = {Dark matter, Galaxy clusters},
     year = 2007,
    month = apr,
   volume = 98,
   number = 17,
      eid = {171302},
    pages = {171302},
      doi = {10.1103/PhysRevLett.98.171302},
   adsurl = {http://adsabs.harvard.edu/abs/2007PhRvL..98q1302F},
  adsnote = {Provided by the SAO/NASA Astrophysics Data System}
}

@ARTICLE{Ferrari:2005es,
   author = {{Ferrari}, C. and {Benoist}, C. and {Maurogordato}, S. and {Cappi}, A. and 
	{Slezak}, E.},
    title = "{Dynamical state and star formation properties of the merging galaxy cluster Abell 3921}",
  journal = {\aap},
   eprint = {arXiv:astro-ph/0409072},
 keywords = {galaxies: clusters: general, galaxies: clusters: individual: Abell 3921, galaxies: distances and redshifts, cosmology: observations},
     year = 2005,
    month = jan,
   volume = 430,
    pages = {19-38},
      doi = {10.1051/0004-6361:20041811},
   adsurl = {http://adsabs.harvard.edu/abs/2005A%26A...430...19F},
  adsnote = {Provided by the SAO/NASA Astrophysics Data System}
}

@ARTICLE{Girardi:2008gu,
   author = {{Girardi}, M. and {Barrena}, R. and {Boschin}, W. and {Ellingson}, E.
	},
    title = "{Cluster Abell 520: a perspective based on member galaxies. A cluster forming at the crossing of three filaments?}",
  journal = {\aap},
archivePrefix = "arXiv",
   eprint = {0809.3139},
 keywords = {galaxies: clusters: individual: Abell 520, galaxies: clusters: general, galaxies: distances and redshifts},
     year = 2008,
    month = nov,
   volume = 491,
    pages = {379-395},
      doi = {10.1051/0004-6361:200810549},
   adsurl = {http://adsabs.harvard.edu/abs/2008A%26A...491..379G},
  adsnote = {Provided by the SAO/NASA Astrophysics Data System}
}

@ARTICLE{Gnedin:2001gd,
   author = {{Gnedin}, O.~Y. and {Ostriker}, J.~P.},
    title = "{Limits on Collisional Dark Matter from Elliptical Galaxies in Clusters}",
  journal = {\apj},
   eprint = {arXiv:astro-ph/0010436},
 keywords = {Cosmology: Theory, Cosmology: Dark Matter, Galaxies: Clusters: General, Galaxies: Elliptical and Lenticular, cD, Galaxies: Halos},
     year = 2001,
    month = nov,
   volume = 561,
    pages = {61-68},
      doi = {10.1086/323211},
   adsurl = {http://adsabs.harvard.edu/abs/2001ApJ...561...61G},
  adsnote = {Provided by the SAO/NASA Astrophysics Data System}
}

@ARTICLE{Gomez:2000kj,
   author = {{G{\'o}mez}, P.~L. and {Hughes}, J.~P. and {Birkinshaw}, M.},
    title = "{A Merger Scenario for the Dynamics of Abell 665}",
  journal = {\apj},
   eprint = {arXiv:astro-ph/0004263},
 keywords = {galaxies: clusters: individual (A665), Galaxies: Intergalactic Medium, X-Rays: Galaxies},
     year = 2000,
    month = sep,
   volume = 540,
    pages = {726-740},
      doi = {10.1086/309360},
   adsurl = {http://adsabs.harvard.edu/abs/2000ApJ...540..726G},
  adsnote = {Provided by the SAO/NASA Astrophysics Data System}
}

@ARTICLE{Gomez:2012ex,
   author = {{G{\'o}mez}, P.~L. and {Valkonen}, L.~E. and {Romer}, A.~K. and 
	{Lloyd-Davies}, E. and {Verdugo}, T. and {Cantalupo}, C.~M. and 
	{Daub}, M.~D. and {Goldstein}, J.~H. and {Kuo}, C.~L. and {Lange}, A.~E. and 
	{Lueker}, M. and {Holzapfel}, W.~L. and {Peterson}, J.~B. and 
	{Ruhl}, J. and {Runyan}, M.~C. and {Reichardt}, C.~L. and {Sabirli}, K.
	},
    title = "{Optical and X-Ray Observations of the Merging Cluster AS1063}",
  journal = {\aj},
 keywords = {galaxies: clusters: general },
     year = 2012,
    month = sep,
   volume = 144,
      eid = {79},
    pages = {79},
      doi = {10.1088/0004-6256/144/3/79},
   adsurl = {http://adsabs.harvard.edu/abs/2012AJ....144...79G},
  adsnote = {Provided by the SAO/NASA Astrophysics Data System}
}

@ARTICLE{Hennawi:2002kv,
   author = {{Hennawi}, J.~F. and {Ostriker}, J.~P.},
    title = "{Observational Constraints on the Self-interacting Dark Matter Scenario and the Growth of Supermassive Black Holes}",
  journal = {\apj},
   eprint = {arXiv:astro-ph/0108203},
 keywords = {Black Hole Physics, Cosmology: Theory, Cosmology: Dark Matter, Galaxies: Formation, Galaxies: Halos},
     year = 2002,
    month = jun,
   volume = 572,
    pages = {41-54},
      doi = {10.1086/340226},
   adsurl = {http://adsabs.harvard.edu/abs/2002ApJ...572...41H},
  adsnote = {Provided by the SAO/NASA Astrophysics Data System}
}

@ARTICLE{Hwang:2009ip,
   author = {{Hwang}, H.~S. and {Lee}, M.~G.},
    title = "{Galaxy activity in merging binary galaxy clusters}",
  journal = {\mnras},
archivePrefix = "arXiv",
   eprint = {0905.2991},
 primaryClass = "astro-ph.CO",
 keywords = {galaxies: clusters: general , galaxies: clusters: individual: A168 , galaxies: clusters: individual: A1750},
     year = 2009,
    month = aug,
   volume = 397,
    pages = {2111-2122},
      doi = {10.1111/j.1365-2966.2009.15100.x},
   adsurl = {http://adsabs.harvard.edu/abs/2009MNRAS.397.2111H},
  adsnote = {Provided by the SAO/NASA Astrophysics Data System}
}

@ARTICLE{Kahn:1959ds,
   author = {{Kahn}, F.~D. and {Woltjer}, L.},
    title = "{Intergalactic Matter and the Galaxy.}",
  journal = {\apj},
     year = 1959,
    month = nov,
   volume = 130,
    pages = {705},
      doi = {10.1086/146762},
   adsurl = {http://adsabs.harvard.edu/abs/1959ApJ...130..705K},
  adsnote = {Provided by the SAO/NASA Astrophysics Data System}
}

@ARTICLE{Klypin:1999ej,
   author = {{Klypin}, A. and {Kravtsov}, A.~V. and {Valenzuela}, O. and 
	{Prada}, F.},
    title = "{Where Are the Missing Galactic Satellites?}",
  journal = {\apj},
   eprint = {arXiv:astro-ph/9901240},
 keywords = {COSMOLOGY: THEORY, GALAXIES: CLUSTERS: GENERAL, GALAXIES: INTERACTIONS, GALAXY: FORMATION, GALAXIES: LOCAL GROUP, METHODS: NUMERICAL},
     year = 1999,
    month = sep,
   volume = 522,
    pages = {82-92},
      doi = {10.1086/307643},
   adsurl = {http://adsabs.harvard.edu/abs/1999ApJ...522...82K},
  adsnote = {Provided by the SAO/NASA Astrophysics Data System}
}

@ARTICLE{Lee:2010id,
   author = {{Lee}, J. and {Komatsu}, E.},
    title = "{Bullet Cluster: A Challenge to {$\Lambda$}CDM Cosmology}",
  journal = {\apj},
archivePrefix = "arXiv",
   eprint = {1003.0939},
 primaryClass = "astro-ph.CO",
 keywords = {cosmology: theory, large-scale structure of universe, methods: statistical},
     year = 2010,
    month = jul,
   volume = 718,
    pages = {60-65},
      doi = {10.1088/0004-637X/718/1/60},
   adsurl = {http://adsabs.harvard.edu/abs/2010ApJ...718...60L},
  adsnote = {Provided by the SAO/NASA Astrophysics Data System}
}

@ARTICLE{Mahdavi:2007ed,
   author = {{Mahdavi}, A. and {Hoekstra}, H. and {Babul}, A. and {Balam}, D.~D. and 
	{Capak}, P.~L.},
    title = "{A Dark Core in Abell 520}",
  journal = {\apj},
archivePrefix = "arXiv",
   eprint = {0706.3048},
 keywords = {Cosmology: Dark Matter, galaxies: clusters: individual (Abell 520), Cosmology: Gravitational Lensing, X-Rays: Galaxies: Clusters},
     year = 2007,
    month = oct,
   volume = 668,
    pages = {806-814},
      doi = {10.1086/521383},
   adsurl = {http://adsabs.harvard.edu/abs/2007ApJ...668..806M},
  adsnote = {Provided by the SAO/NASA Astrophysics Data System}
}

@ARTICLE{Markevitch:2004dl,
   author = {{Markevitch}, M. and {Gonzalez}, A.~H. and {Clowe}, D. and {Vikhlinin}, A. and 
	{Forman}, W. and {Jones}, C. and {Murray}, S. and {Tucker}, W.
	},
    title = "{Direct Constraints on the Dark Matter Self-Interaction Cross Section from the Merging Galaxy Cluster 1E 0657-56}",
  journal = {\apj},
   eprint = {arXiv:astro-ph/0309303},
 keywords = {Cosmology: Dark Matter, Galaxies: Clusters: Individual: Alphanumeric: 1E 0657-56, Galaxies: Formation, Cosmology: Large-Scale Structure of Universe},
     year = 2004,
    month = may,
   volume = 606,
    pages = {819-824},
      doi = {10.1086/383178},
   adsurl = {http://adsabs.harvard.edu/abs/2004ApJ...606..819M},
  adsnote = {Provided by the SAO/NASA Astrophysics Data System}
}

@INPROCEEDINGS{Markevitch:2006wv,
   author = {{Markevitch}, M.},
    title = "{Chandra Observation of the Most Interesting Cluster in the Universe}",
booktitle = {The X-ray Universe 2005},
     year = 2006,
   series = {ESA Special Publication},
   volume = 604,
   eprint = {arXiv:astro-ph/0511345},
   editor = {{Wilson}, A.},
    month = jan,
    pages = {723},
   adsurl = {http://adsabs.harvard.edu/abs/2006ESASP.604..723M},
  adsnote = {Provided by the SAO/NASA Astrophysics Data System}
}

@ARTICLE{Mastropietro:2008fs,
   author = {{Mastropietro}, C. and {Burkert}, A.},
    title = "{Simulating the Bullet Cluster}",
  journal = {\mnras},
archivePrefix = "arXiv",
   eprint = {0711.0967},
 keywords = {methods: N-body simulations , galaxies: clusters: individual: 1E0657-56 , dark matter , X-rays: galaxies: clusters},
     year = 2008,
    month = sep,
   volume = 389,
    pages = {967-988},
      doi = {10.1111/j.1365-2966.2008.13626.x},
   adsurl = {http://adsabs.harvard.edu/abs/2008MNRAS.389..967M},
  adsnote = {Provided by the SAO/NASA Astrophysics Data System}
}

@ARTICLE{Menanteau:2012bf,
   author = {{Menanteau}, F. and {Hughes}, J.~P. and {Sif{\'o}n}, C. and 
	{Hilton}, M. and {Gonz{\'a}lez}, J. and {Infante}, L. and {Barrientos}, L.~F. and 
	{Baker}, A.~J. and {Bond}, J.~R. and {Das}, S. and {Devlin}, M.~J. and 
	{Dunkley}, J. and {Hajian}, A. and {Hincks}, A.~D. and {Kosowsky}, A. and 
	{Marsden}, D. and {Marriage}, T.~A. and {Moodley}, K. and {Niemack}, M.~D. and 
	{Nolta}, M.~R. and {Page}, L.~A. and {Reese}, E.~D. and {Sehgal}, N. and 
	{Sievers}, J. and {Spergel}, D.~N. and {Staggs}, S.~T. and {Wollack}, E.
	},
    title = "{The Atacama Cosmology Telescope: ACT-CL J0102-4915 ''El Gordo,'' a Massive Merging Cluster at Redshift 0.87}",
  journal = {\apj},
archivePrefix = "arXiv",
   eprint = {1109.0953},
 primaryClass = "astro-ph.CO",
 keywords = {cosmic background radiation, cosmology: observations, galaxies: clusters: general, galaxies: clusters: individual: ACT-CL J0102{\ndash}4915},
     year = 2012,
    month = mar,
   volume = 748,
      eid = {7},
    pages = {7},
      doi = {10.1088/0004-637X/748/1/7},
   adsurl = {http://adsabs.harvard.edu/abs/2012ApJ...748....7M},
  adsnote = {Provided by the SAO/NASA Astrophysics Data System}
}

@ARTICLE{Merten:2011gu,
   author = {{Merten}, J. and {Coe}, D. and {Dupke}, R. and {Massey}, R. and 
	{Zitrin}, A. and {Cypriano}, E.~S. and {Okabe}, N. and {Frye}, B. and 
	{Braglia}, F.~G. and {Jim{\'e}nez-Teja}, Y. and {Ben{\'{\i}}tez}, N. and 
	{Broadhurst}, T. and {Rhodes}, J. and {Meneghetti}, M. and {Moustakas}, L.~A. and 
	{Sodr{\'e}}, Jr., L. and {Krick}, J. and {Bregman}, J.~N.},
    title = "{Creation of cosmic structure in the complex galaxy cluster merger Abell 2744}",
  journal = {\mnras},
archivePrefix = "arXiv",
   eprint = {1103.2772},
 primaryClass = "astro-ph.CO",
 keywords = {gravitational lensing: strong, gravitational lensing: weak, galaxies: clusters: individual: Abell 2744, dark matter, large-scale structure of Universe, X-rays: individual: Abell 2744},
     year = 2011,
    month = oct,
   volume = 417,
    pages = {333-347},
      doi = {10.1111/j.1365-2966.2011.19266.x},
   adsurl = {http://adsabs.harvard.edu/abs/2011MNRAS.417..333M},
  adsnote = {Provided by the SAO/NASA Astrophysics Data System}
}

@ARTICLE{Miller:2003kx,
   author = {{Miller}, N.~A. and {Owen}, F.~N.},
    title = "{Abell 2255: Increased Star Formation and AGN Activity in a Cluster-Cluster Merger}",
  journal = {\aj},
   eprint = {arXiv:astro-ph/0302061},
 keywords = {Galaxies: Clusters: General, Galaxies: Clusters: Individual: Name: Abell 2255, Galaxies: Evolution, Radio Continuum},
     year = 2003,
    month = may,
   volume = 125,
    pages = {2427-2446},
      doi = {10.1086/374767},
   adsurl = {http://adsabs.harvard.edu/abs/2003AJ....125.2427M},
  adsnote = {Provided by the SAO/NASA Astrophysics Data System}
}

@ARTICLE{Milosavljevic:2007hf,
   author = {{Milosavljevi{\'c}}, M. and {Koda}, J. and {Nagai}, D. and {Nakar}, E. and 
	{Shapiro}, P.~R.},
    title = "{The Cluster-Merger Shock in 1E 0657-56: Faster than a Speeding Bullet?}",
  journal = {\apjl},
   eprint = {arXiv:astro-ph/0703199},
 keywords = {Cosmology: Dark Matter, Galaxies: Clusters: General, Galaxies: Clusters: Individual: Alphanumeric: 1E 0657-56, Galaxies: Intergalactic Medium, Shock Waves, X-Rays: Galaxies: Clusters},
     year = 2007,
    month = jun,
   volume = 661,
    pages = {L131-L134},
      doi = {10.1086/518960},
   adsurl = {http://adsabs.harvard.edu/abs/2007ApJ...661L.131M},
  adsnote = {Provided by the SAO/NASA Astrophysics Data System}
}

@ARTICLE{MiraldaEscude:2002ev,
   author = {{Miralda-Escud{\'e}}, J.},
    title = "{A Test of the Collisional Dark Matter Hypothesis from Cluster Lensing}",
  journal = {\apj},
 keywords = {Cosmology: Dark Matter, Galaxies: Clusters: General, Galaxies: Formation, Cosmology: Large-Scale Structure of Universe},
     year = 2002,
    month = jan,
   volume = 564,
    pages = {60-64},
      doi = {10.1086/324138},
   adsurl = {http://adsabs.harvard.edu/abs/2002ApJ...564...60M},
  adsnote = {Provided by the SAO/NASA Astrophysics Data System}
}

@ARTICLE{Moore:1999ja,
   author = {{Moore}, B. and {Ghigna}, S. and {Governato}, F. and {Lake}, G. and 
	{Quinn}, T. and {Stadel}, J. and {Tozzi}, P.},
    title = "{Dark Matter Substructure within Galactic Halos}",
  journal = {\apjl},
   eprint = {arXiv:astro-ph/9907411},
 keywords = {COSMOLOGY: OBSERVATIONS, COSMOLOGY: THEORY, COSMOLOGY: DARK MATTER, GALAXIES: CLUSTERS: GENERAL, GALAXIES: FORMATION},
     year = 1999,
    month = oct,
   volume = 524,
    pages = {L19-L22},
      doi = {10.1086/312287},
   adsurl = {http://adsabs.harvard.edu/abs/1999ApJ...524L..19M},
  adsnote = {Provided by the SAO/NASA Astrophysics Data System}
}

@ARTICLE{Moore:2000ee,
   author = {{Moore}, B. and {Gelato}, S. and {Jenkins}, A. and {Pearce}, F.~R. and 
	{Quilis}, V.},
    title = "{Collisional versus Collisionless Dark Matter}",
  journal = {\apjl},
   eprint = {arXiv:astro-ph/0002308},
 keywords = {Cosmology: Dark Matter, Galaxies: Clusters: General, Galaxies: Evolution, Galaxies: Formation, Galaxies: Halos, Galaxies: Kinematics and Dynamics},
     year = 2000,
    month = may,
   volume = 535,
    pages = {L21-L24},
      doi = {10.1086/312692},
   adsurl = {http://adsabs.harvard.edu/abs/2000ApJ...535L..21M},
  adsnote = {Provided by the SAO/NASA Astrophysics Data System}
}

@ARTICLE{Mroczkowski:2012vs,
   author = {{Mroczkowski}, T. and {Dicker}, S. and {Sayers}, J. and {Reese}, E.~D. and 
	{Mason}, B. and {Czakon}, N. and {Romero}, C. and {Young}, A. and 
	{Devlin}, M. and {Golwala}, S. and {Korngut}, P. and {Sarazin}, C. and 
	{Bock}, J. and {Koch}, P.~M. and {Lin}, K.-Y. and {Molnar}, S.~M. and 
	{Pierpaoli}, E. and {Umetsu}, K. and {Zemcov}, M.},
    title = "{A Multi-wavelength Study of the Sunyaev-Zel'dovich Effect in the Triple-Merger Cluster MACS J0717.5+3745 with MUSTANG and Bolocam}",
  journal = {ArXiv e-prints},
archivePrefix = "arXiv",
   eprint = {1205.0052},
 primaryClass = "astro-ph.CO",
 keywords = {Astrophysics - Cosmology and Extragalactic Astrophysics, Astrophysics - High Energy Astrophysical Phenomena},
     year = 2012,
    month = apr,
   adsurl = {http://adsabs.harvard.edu/abs/2012arXiv1205.0052M},
  adsnote = {Provided by the SAO/NASA Astrophysics Data System}
}

@ARTICLE{Navarro:1996ce,
   author = {{Navarro}, J.~F. and {Frenk}, C.~S. and {White}, S.~D.~M.},
    title = "{The Structure of Cold Dark Matter Halos}",
  journal = {\apj},
   eprint = {arXiv:astro-ph/9508025},
 keywords = {COSMOLOGY: THEORY, COSMOLOGY: DARK MATTER, GALAXIES: HALOS, METHODS: NUMERICAL},
     year = 1996,
    month = may,
   volume = 462,
    pages = {563},
      doi = {10.1086/177173},
   adsurl = {http://adsabs.harvard.edu/abs/1996ApJ...462..563N},
  adsnote = {Provided by the SAO/NASA Astrophysics Data System}
}

@article{Newman:2012ta,
      author         = "Newman, Jeffrey A. and Cooper, Michael C. and Davis, Marc
                        and Faber, S.M. and Coil, Alison L. and others",
      title          = "{The DEEP2 Galaxy Redshift Survey: Design, Observations,
                        Data Reduction, and Redshifts}",
      year           = "2012",
      eprint         = "1203.3192",
      archivePrefix  = "arXiv",
      primaryClass   = "astro-ph.CO",
      SLACcitation   = "%%CITATION = ARXIV:1203.3192;%%",
}

@ARTICLE{Nusser:2008iw,
   author = {{Nusser}, A.},
    title = "{Back-in-time dynamics of the cluster IE 0657-56 (the Bullet system)}",
  journal = {\mnras},
archivePrefix = "arXiv",
   eprint = {0709.3572},
 keywords = {galaxies: clusters: general , cosmology: theory , large-scale structure of Universe},
     year = 2008,
    month = feb,
   volume = 384,
    pages = {343-347},
      doi = {10.1111/j.1365-2966.2007.12716.x},
   adsurl = {http://adsabs.harvard.edu/abs/2008MNRAS.384..343N},
  adsnote = {Provided by the SAO/NASA Astrophysics Data System}
}

@ARTICLE{Okabe:2011gv,
   author = {{Okabe}, N. and {Bourdin}, H. and {Mazzotta}, P. and {Maurogordato}, S.
	},
    title = "{Subaru Weak-lensing Study of A2163: Bimodal Mass Structure}",
  journal = {\apj},
archivePrefix = "arXiv",
   eprint = {1107.0004},
 primaryClass = "astro-ph.CO",
 keywords = {cosmology: observations, dark matter, galaxies: clusters: general, gravitational lensing: weak, X-rays: galaxies: clusters, X-rays: individual: A2163},
     year = 2011,
    month = nov,
   volume = 741,
      eid = {116},
    pages = {116},
      doi = {10.1088/0004-637X/741/2/116},
   adsurl = {http://adsabs.harvard.edu/abs/2011ApJ...741..116O},
  adsnote = {Provided by the SAO/NASA Astrophysics Data System}
}

@ARTICLE{Owen:2005dx,
   author = {{Owen}, F.~N. and {Ledlow}, M.~J. and {Keel}, W.~C. and {Wang}, Q.~D. and 
	{Morrison}, G.~E.},
    title = "{A Deep Radio Survey of Abell 2125. II. Accelerated Galaxy Evolution during a Cluster-Cluster Merger}",
  journal = {\aj},
   eprint = {arXiv:astro-ph/0410340},
 keywords = {Cosmology: Observations, Galaxies: Clusters: Individual: Name: Abell 2125, Galaxies: Elliptical and Lenticular, cD, Galaxies: Evolution, Galaxies: Starburst, Infrared: Galaxies},
     year = 2005,
    month = jan,
   volume = 129,
    pages = {31-52},
      doi = {10.1086/426323},
   adsurl = {http://adsabs.harvard.edu/abs/2005AJ....129...31O},
  adsnote = {Provided by the SAO/NASA Astrophysics Data System}
}

@BOOK{Peebles:1993vp,
   author = {{Peebles}, P.~J.~E.},
    title = "{Principles of Physical Cosmology}",
booktitle = {Principles of Physical Cosmology by P.J.E.~Peebles.~Princeton University Press, 1993.~ISBN: 978-0-691-01933-8},
     year = 1993,
   adsurl = {http://adsabs.harvard.edu/abs/1993ppc..book.....P},
  adsnote = {Provided by the SAO/NASA Astrophysics Data System}
}

@ARTICLE{Peter:2012vi,
   author = {{Peter}, A.~H.~G. and {Rocha}, M. and {Bullock}, J.~S. and {Kaplinghat}, M.
	},
    title = "{Cosmological simulations with self-interacting dark matter - II. Halo shapes versus observations}",
  journal = {\mnras},
archivePrefix = "arXiv",
   eprint = {1208.3026},
 primaryClass = "astro-ph.CO",
 keywords = {methods: numerical, galaxies: haloes, dark matter},
     year = 2013,
    month = mar,
   volume = 430,
    pages = {105-120},
      doi = {10.1093/mnras/sts535},
   adsurl = {http://adsabs.harvard.edu/abs/2013MNRAS.430..105P},
  adsnote = {Provided by the SAO/NASA Astrophysics Data System}
}

@ARTICLE{Poggianti:2004ca,
   author = {{Poggianti}, B.~M. and {Bridges}, T.~J. and {Komiyama}, Y. and 
	{Yagi}, M. and {Carter}, D. and {Mobasher}, B. and {Okamura}, S. and 
	{Kashikawa}, N.},
    title = "{A Comparison of the Galaxy Populations in the Coma and Distant Clusters: The Evolution of k+a Galaxies and the Role of the Intracluster Medium}",
  journal = {\apj},
   eprint = {arXiv:astro-ph/0309449},
 keywords = {Galaxies: Clusters: General, Galaxies: Clusters: Individual: Name: Coma, Galaxies: Evolution},
     year = 2004,
    month = jan,
   volume = 601,
    pages = {197-213},
      doi = {10.1086/380195},
   adsurl = {http://adsabs.harvard.edu/abs/2004ApJ...601..197P},
  adsnote = {Provided by the SAO/NASA Astrophysics Data System}
}

@ARTICLE{Press:1974jb,
   author = {{Press}, W.~H. and {Schechter}, P.},
    title = "{Formation of Galaxies and Clusters of Galaxies by Self-Similar Gravitational Condensation}",
  journal = {\apj},
     year = 1974,
    month = feb,
   volume = 187,
    pages = {425-438},
      doi = {10.1086/152650},
   adsurl = {http://adsabs.harvard.edu/abs/1974ApJ...187..425P},
  adsnote = {Provided by the SAO/NASA Astrophysics Data System}
}

@ARTICLE{Ragozzine:2011jj,
   author = {{Ragozzine}, B. and {Clowe}, D. and {Markevitch}, M. and {Gonzalez}, A.~H. and 
	{Brada{\v c}}, M.},
    title = "{Weak-lensing Results for the Merging Cluster A1758}",
  journal = {\apj},
archivePrefix = "arXiv",
   eprint = {1111.4983},
 primaryClass = "astro-ph.CO",
 keywords = {dark matter, galaxies: clusters: general, galaxies: clusters: individual: A1758, gravitational lensing: weak},
     year = 2012,
    month = jan,
   volume = 744,
      eid = {94},
    pages = {94},
      doi = {10.1088/0004-637X/744/2/94},
   adsurl = {http://adsabs.harvard.edu/abs/2012ApJ...744...94R},
  adsnote = {Provided by the SAO/NASA Astrophysics Data System}
}

@ARTICLE{Randall:2002kk,
   author = {{Randall}, S.~W. and {Sarazin}, C.~L. and {Ricker}, P.~M.},
    title = "{The Effect of Merger Boosts on the Luminosity, Temperature, and Inferred Mass Functions of Clusters of Galaxies}",
  journal = {\apj},
   eprint = {arXiv:astro-ph/0206161},
 keywords = {Cosmology: Cosmological Parameters, Galaxies: Clusters: General, Galaxies: Intergalactic Medium, Cosmology: Large-Scale Structure of Universe, X-Rays: Galaxies: Clusters},
     year = 2002,
    month = oct,
   volume = 577,
    pages = {579-594},
      doi = {10.1086/342239},
   adsurl = {http://adsabs.harvard.edu/abs/2002ApJ...577..579R},
  adsnote = {Provided by the SAO/NASA Astrophysics Data System}
}

@ARTICLE{Randall:2008hs,
   author = {{Randall}, S.~W. and {Markevitch}, M. and {Clowe}, D. and {Gonzalez}, A.~H. and 
	{Brada{\v c}}, M.},
    title = "{Constraints on the Self-Interaction Cross Section of Dark Matter from Numerical Simulations of the Merging Galaxy Cluster 1E 0657-56}",
  journal = {\apj},
archivePrefix = "arXiv",
   eprint = {0704.0261},
 keywords = {Cosmology: Dark Matter, Galaxies: Clusters: Individual: Alphanumeric: 1E 0657-56, Cosmology: Large-Scale Structure of Universe, Methods: Numerical},
     year = 2008,
    month = jun,
   volume = 679,
    pages = {1173-1180},
      doi = {10.1086/587859},
   adsurl = {http://adsabs.harvard.edu/abs/2008ApJ...679.1173R},
  adsnote = {Provided by the SAO/NASA Astrophysics Data System}
}

@ARTICLE{Ricker:2001ju,
   author = {{Ricker}, P.~M. and {Sarazin}, C.~L.},
    title = "{Off-Axis Cluster Mergers: Effects of a Strongly Peaked Dark Matter Profile}",
  journal = {\apj},
   eprint = {arXiv:astro-ph/0107210},
 keywords = {Galaxies: Clusters: General, Hydrodynamics, Galaxies: Intergalactic Medium, X-Rays: Galaxies: Clusters},
     year = 2001,
    month = nov,
   volume = 561,
    pages = {621-644},
      doi = {10.1086/323365},
   adsurl = {http://adsabs.harvard.edu/abs/2001ApJ...561..621R},
  adsnote = {Provided by the SAO/NASA Astrophysics Data System}
}

@ARTICLE{Rocha:2012tr,
   author = {{Rocha}, M. and {Peter}, A.~H.~G. and {Bullock}, J.~S. and {Kaplinghat}, M. and 
	{Garrison-Kimmel}, S. and {O{\~n}orbe}, J. and {Moustakas}, L.~A.
	},
    title = "{Cosmological simulations with self-interacting dark matter - I. Constant-density cores and substructure}",
  journal = {\mnras},
archivePrefix = "arXiv",
   eprint = {1208.3025},
 primaryClass = "astro-ph.CO",
 keywords = {methods: numerical, galaxies: haloes, dark matter},
     year = 2013,
    month = mar,
   volume = 430,
    pages = {81-104},
      doi = {10.1093/mnras/sts514},
   adsurl = {http://adsabs.harvard.edu/abs/2013MNRAS.430...81R},
  adsnote = {Provided by the SAO/NASA Astrophysics Data System}
}

@ARTICLE{Russell:2011hn,
   author = {{Russell}, H.~R. and {van Weeren}, R.~J. and {Edge}, A.~C. and 
	{McNamara}, B.~R. and {Sanders}, J.~S. and {Fabian}, A.~C. and 
	{Baum}, S.~A. and {Canning}, R.~E.~A. and {Donahue}, M. and 
	{O'Dea}, C.~P.},
    title = "{A merger mystery: no extended radio emission in the merging cluster Abell 2146}",
  journal = {\mnras},
archivePrefix = "arXiv",
   eprint = {1105.0435},
 primaryClass = "astro-ph.CO",
 keywords = {general: clusters: general, galaxies: clusters: individual: A 2146, radio continuum: general},
     year = 2011,
    month = oct,
   volume = 417,
    pages = {L1-L5},
      doi = {10.1111/j.1745-3933.2011.01098.x},
   adsurl = {http://adsabs.harvard.edu/abs/2011MNRAS.417L...1R},
  adsnote = {Provided by the SAO/NASA Astrophysics Data System}
}

@ARTICLE{Spergel:2000cb,
   author = {{Spergel}, D.~N. and {Steinhardt}, P.~J.},
    title = "{Observational Evidence for Self-Interacting Cold Dark Matter}",
  journal = {Physical Review Letters},
   eprint = {arXiv:astro-ph/9909386},
     year = 2000,
    month = apr,
   volume = 84,
    pages = {3760-3763},
      doi = {10.1103/PhysRevLett.84.3760},
   adsurl = {http://adsabs.harvard.edu/abs/2000PhRvL..84.3760S},
  adsnote = {Provided by the SAO/NASA Astrophysics Data System}
}

@ARTICLE{Springel:2007bg,
   author = {{Springel}, V. and {Farrar}, G.~R.},
    title = "{The speed of the `bullet' in the merging galaxy cluster 1E0657-56}",
  journal = {\mnras},
   eprint = {arXiv:astro-ph/0703232},
 keywords = {methods: numerical, galaxies: structure, X-rays: galaxies: clusters},
     year = 2007,
    month = sep,
   volume = 380,
    pages = {911-925},
      doi = {10.1111/j.1365-2966.2007.12159.x},
   adsurl = {http://adsabs.harvard.edu/abs/2007MNRAS.380..911S},
  adsnote = {Provided by the SAO/NASA Astrophysics Data System}
}

@ARTICLE{Steigman:2008dy,
   author = {{Steigman}, G.},
    title = "{When clusters collide: constraints on antimatter on the largest scales}",
  journal = {\jcap},
archivePrefix = "arXiv",
   eprint = {0808.1122},
     year = 2008,
    month = oct,
   volume = 10,
    pages = {1},
      doi = {10.1088/1475-7516/2008/10/001},
   adsurl = {http://adsabs.harvard.edu/abs/2008JCAP...10..001S},
  adsnote = {Provided by the SAO/NASA Astrophysics Data System}
}

@ARTICLE{vanWeeren:2010dn,
   author = {{van Weeren}, R.~J. and {R{\"o}ttgering}, H.~J.~A. and {Br{\"u}ggen}, M. and 
	{Hoeft}, M.},
    title = "{Particle Acceleration on Megaparsec Scales in a Merging Galaxy Cluster}",
  journal = {Science},
archivePrefix = "arXiv",
   eprint = {1010.4306},
 primaryClass = "astro-ph.CO",
     year = 2010,
    month = oct,
   volume = 330,
    pages = {347-},
      doi = {10.1126/science.1194293},
   adsurl = {http://adsabs.harvard.edu/abs/2010Sci...330..347V},
  adsnote = {Provided by the SAO/NASA Astrophysics Data System}
}

@ARTICLE{vanWeeren:2011ko,
   author = {{van Weeren}, R.~J. and {Hoeft}, M. and {R{\"o}ttgering}, H.~J.~A. and 
	{Br{\"u}ggen}, M. and {Intema}, H.~T. and {van Velzen}, S.},
    title = "{A double radio relic in the merging galaxy cluster ZwCl 0008.8+5215}",
  journal = {\aap},
archivePrefix = "arXiv",
   eprint = {1102.2235},
 primaryClass = "astro-ph.CO",
 keywords = {radio continuum: galaxies, galaxies: active, galaxies: clusters: individual: ZwCl 0008.8+5215, large-scale structure of Universe},
     year = 2011,
    month = apr,
   volume = 528,
      eid = {A38},
    pages = {A38},
      doi = {10.1051/0004-6361/201016185},
   adsurl = {http://adsabs.harvard.edu/abs/2011A%26A...528A..38V},
  adsnote = {Provided by the SAO/NASA Astrophysics Data System}
}

@INPROCEEDINGS{Vikhlinin:2003wy,
   author = {{Vikhlinin}, A. and {Markevitch}, M.},
    title = "{A Cold Front in A3667: Hydrodynamics and Magnetic Field in the Intracluster Medium}",
booktitle = {Matter and Energy in Clusters of Galaxies},
     year = 2003,
   series = {Astronomical Society of the Pacific Conference Series},
   volume = 301,
   editor = {{Bowyer}, S. and {Hwang}, C.-Y.},
    pages = {63},
   adsurl = {http://adsabs.harvard.edu/abs/2003ASPC..301...63V},
  adsnote = {Provided by the SAO/NASA Astrophysics Data System}
}

@ARTICLE{Vogelsberger:2012dy,
   author = {{Vogelsberger}, M. and {Zavala}, J. and {Loeb}, A.},
    title = "{Subhaloes in self-interacting galactic dark matter haloes}",
  journal = {\mnras},
archivePrefix = "arXiv",
   eprint = {1201.5892},
 primaryClass = "astro-ph.CO",
 keywords = {methods: numerical, dark matter},
     year = 2012,
    month = jul,
   volume = 423,
    pages = {3740-3752},
      doi = {10.1111/j.1365-2966.2012.21182.x},
   adsurl = {http://adsabs.harvard.edu/abs/2012MNRAS.423.3740V},
  adsnote = {Provided by the SAO/NASA Astrophysics Data System}
}

@ARTICLE{Wechsler:2002kh,
   author = {{Wechsler}, R.~H. and {Bullock}, J.~S. and {Primack}, J.~R. and 
	{Kravtsov}, A.~V. and {Dekel}, A.},
    title = "{Concentrations of Dark Halos from Their Assembly Histories}",
  journal = {\apj},
   eprint = {arXiv:astro-ph/0108151},
 keywords = {Cosmology: Theory, Cosmology: Dark Matter, Galaxies: Evolution, Galaxies: Formation, Galaxies: Halos, Galaxies: Structure},
     year = 2002,
    month = mar,
   volume = 568,
    pages = {52-70},
      doi = {10.1086/338765},
   adsurl = {http://adsabs.harvard.edu/abs/2002ApJ...568...52W},
  adsnote = {Provided by the SAO/NASA Astrophysics Data System}
}

@ARTICLE{Yoshida:2000gn,
   author = {{Yoshida}, N. and {Springel}, V. and {White}, S.~D.~M. and {Tormen}, G.
	},
    title = "{Weakly Self-interacting Dark Matter and the Structure of Dark Halos}",
  journal = {\apjl},
   eprint = {arXiv:astro-ph/0006134},
 keywords = {Cosmology: Dark Matter, Galaxies: Formation, Methods: Numerical},
     year = 2000,
    month = dec,
   volume = 544,
    pages = {L87-L90},
      doi = {10.1086/317306},
   adsurl = {http://adsabs.harvard.edu/abs/2000ApJ...544L..87Y},
  adsnote = {Provided by the SAO/NASA Astrophysics Data System}
}